@misc{cobanmai2021,
    author  = {{Derya Coban}, {Joel Mai}},
    howpublished = "\url{https://github.com/Inf166/pwa-peer-to-peer-sharing-recipes}",
    note = "[Online; accessed 01/10/2022]",
    title = {Traditions- und Kultur Sharing am Beispiel: Generationsübergreifendes Kochen},
    year = "2021",
}

@misc{trustpilot:online,
    author = {{Bewertungen zu Chefkoch.de}},
    howpublished = {\url{https://de.trustpilot.com/review/www.chefkoch.de}},
    month = {Dezember},
    note = {(Accessed on 01/10/2022)},
    title = {Bewertungen zu Chefkoch.de | Lesen Sie Kundenbewertungen zu www.chefkoch.de},
    year = {2021},
}

@misc{Allesvol19:online,
    author = {{Alles voll Werbung auf Chefkoch}},
    howpublished = {\url{https://www.chefkoch.de/forum/2,43,718019/Alles-voll-Werbung-auf-Chefkoch.html}},
    month = {Juli},
    note = {(Accessed on 01/24/2022)},
    title = {Alles voll Werbung auf Chefkoch | Technisches Forum | Chefkoch.de},
    year = {2011}
}

@misc{HowHasGl49:online,
    author = {{Globalization Caused a Loss of Culture}},
    howpublished = {\url{https://www.moroccoworldnews.com/2011/10/12895/how-has-globalization-caused-a-loss-of-culture}},
    note = {(Accessed on 01/24/2022)},
    month = {Oktober},
    title = {How Has Globalization Caused a Loss of Culture},
    year = {2011}
}

@misc{HowDoFre38:online,
    author = {Jigar Mistry},
    howpublished = {\url{https://www.spaceotechnologies.com/how-do-free-apps-make-money/#four}},
    month = {August},
    note = {(Accessed on 01/10/2022)},
    title = {How Do Free Apps Make Money in 2022? [11 Proven Strategies]},
    year = {2021},
}

@misc{ bpb2021fastfoodtopic,
    author  = {{Bundeszentrale für politische Bildung}},
    howpublished = "\url{https://www.bpb.de/nachschlagen/zahlen-und-fakten/globalisierung/256161/themengrafik-fast-food}",
    note = "[Online; accessed 11-May-2021]",
    title = {Themengrafik: Fast Food},
    year = "2017",
}

@misc{ bpb2021fastfood,
    author  = {{Bundeszentrale für politische Bildung}},
    howpublished = "\url{https://www.bpb.de/nachschlagen/zahlen-und-fakten/globalisierung/52774/fast-food}",
    note = "[Online; accessed 11-May-2021]",
    title = {Fast Food – McDonald's},
    year = "2017",
}

@misc{SlowBake13:online,
    author = {Josh},
    title = {JUST THE DARN RECIPE},
    howpublished = {\url{https://justthedarnrecipe.com/slow-baked-salmon}},
    month = {},
    year = {2021},
    note = {(Accessed on 01/24/2022)}
}

@article{Magomadov_2020,
	author = {V S Magomadov},
	doi = {10.1088/1742-6596/1679/2/022043},
	journal = {Journal of Physics: Conference Series},
	month = {nov},
	number = {2},
	pages = {022043},
	publisher = {{IOP} Publishing},
	title = {Exploring the role of progressive web applications in modern web development},
	url = {https://doi.org/10.1088/1742-6596/1679/2/022043},
	volume = {1679},
	year = 2020,
}

@misc{MScthesi20:online,
    author = {Tjarco Kerssens},
    howpublished = {\url{https://staff.fnwi.uva.nl/a.s.z.belloum/MSctheses/MScthesis_Tjarco.pdf}},
    month = {June},
    note = {(Accessed on 01/10/2022)},
    title = {Applicability of Progressive Web Apps in Mobile Development},
    year = {2019},
}

@inproceedings{Mitrovic2016ARO,
    author = {{Nikola Mitrovic} and {Carlos Bobed} and {Eduardo Mena}},
    pages = {96–101},
    title = {A Review of User Interface Description Languages for Mobile Applications},
    booktitle = {A Review of User Interface Description Languages for Mobile Applications},
    year = {2016},
}

@misc{Privacya9:online,
    author = {{Privacy and Data Protection by Design}},
    chapter = 4,
    howpublished = {\url{https://arxiv.org/pdf/1501.03726.pdf}},
    month = {December},
    note = {(Accessed on 01/10/2022)},
    title = {Privacy and Data Protection by Design – from policy to engineering},
    year = {2014},
}

@article{BryanTurner_2016,
	author = {{Bryan S. Turner}, {Robert J. Holton}},
	pages = {478-479},
	publisher = {Routledge},
	title = {The Routledge International Handbook of Globalization Studies: Second edition},
	url = {https://books.google.de/books?hl=de&lr=&id=koFACwAAQBAJ&oi=fnd&pg=PA469&dq=cooking+globalization&ots=WdAz0MC25w&sig=ts-4z1lCvLUJ5MXDC9aaUy-yBlk&redir_esc=y#v=onepage},
	year = 2016,
}

@article{76f9434be2ae4e23b9f44d93097c915c,
    author = "Quick, {Brian L.} and Fiese, {Barbara H.} and Barbara Anderson and Koester, {Brenda D.} and Marlin, {Diane W.}",
    doi = "10.1080/10410236.2011.561920",
    issn = "1041-0236",
    journal = "Health Communication",
    language = "English (US)",
    month = oct,
    number = "7",
    pages = "656--666",
    publisher = "Routledge",
    title = "A Formative Evaluation of Shared Family Mealtime for Parents of Toddlers and Young Children",
    volume = "26",
    year = "2011",
}

@misc{TheNewMe5:online,
    author = {Martin Fowler},
    howpublished = {\url{https://martinfowler.com/articles/newMethodology.html#FromNothingToMonumentalToAgile}},
    month = {},
    note = {(Accessed on 01/10/2022)},
    title = {The New Methodology},
    year = {2005},
}

@article{DINISO_2010,
    author = "{Europäisches Komitee für Normung}",
    language = "Deutsch, DE",
    month = jan,
    publisher = "EUROPÄISCHES KOMITEE FÜR NORMUNG EUROPEAN COMMITTEE FOR STANDARDIZATION COMITÉ EUROPÉEN DE NORMALISATION",
    title = "Ergonomie der Mensch-System-Interaktion – Teil 210: Prozess zur Gestaltung gebrauchstauglicher interaktiver Systeme (ISO 9241-210:2010)",
    year = "2011",
}

@article{Patton_2014,
    author = "{Jeff Patton}, {Peter Economy}",
    language = "English",
    publisher = "Beijing ; Sebastopol, CA : O'Reilly,",
    title = "User story mapping",
    year = "2014",
}

@article{KJmethod_1997,
    author = {Scupin, Raymond},
    doi = {10.17730/humo.56.2.x335923511444655},
    journal = {Human Organization},
    month = {06},
    pages = {},
    title = {The KJ Method: A Technique for Analyzing Data Derived from Japanese Ethnology},
    volume = {56},
    year = {1997},
}

@article{colortheme_2019,
    author = {Ding, Man and Bai, Zhonghang},
    doi = {https://doi.org/10.1002/col.22402},
    eprint = {https://onlinelibrary.wiley.com/doi/pdf/10.1002/col.22402},
    journal = {Color Research \& Application},
    keywords = {image, kansei engineering, product color emotional design, shape feature},
    number = {5},
    pages = {811-823},
    title = {Product color emotional design adaptive to product shape feature variation},
    url = {https://onlinelibrary.wiley.com/doi/abs/10.1002/col.22402},
    volume = {44},
    year = {2019},
}

@misc{HumanInt45:online,
    author = {Apple Developer},
    howpublished = {\url{https://developer.apple.com/design/human-interface-guidelines/}},
    month = {},
    note = {(Accessed on 01/11/2022)},
    title = {Human Interface Guidelines},
    year = {2022},
}

@misc{DesignMa23:online,
    author = {Google},
    howpublished = {\url{https://material.io/design}},
    month = {},
    note = {(Accessed on 01/11/2022)},
    title = {Design - Material Design},
    year = {2022},
}

@misc{mobilefirst:online,
    author = {Jason Gonzales},
    howpublished = {\url{https://it.dru.ac.th/o-bookcs/pdfs/48.pdf}},
    month = {September},
    note = {(Accessed on 01/11/2022)},
    title = {Mobile First Design with HTML5 and CSS3},
    year = {2013},
}

@misc{hegdewhitespace:online,
    author = {Pratik Hegde},
    howpublished = {\url{https://blog.prototypr.io/importance-of-white-space-in-design-5a40c0e65bfd?gi=392adb5f2a3c#:~:text=Improved%20comprehension,increase%20comprehension%20up%20to%2020%25.}},
    month = {Oct},
    note = {(Accessed on 01/11/2022)},
    title = {Importance of White Space in Design | by Pratik Hegde | Prototypr},
    year = {2017},
}

@misc{Selected74:online,
    author = {Luke Vu},
    howpublished = {\url{https://www.simicart.com/blog/pwa-frameworks/}},
    month = {January},
    note = {(Accessed on 01/11/2022)},
    title = {Selected Best PWA Frameworks in 2022 - SimiCart},
    year = {2022},
}

@misc{Angularv54:online,
    author = {Aris Pattakos},
    howpublished = {\url{https://athemes.com/guides/angular-vs-react-vs-vue/}},
    month = {January},
    note = {(Accessed on 01/11/2022)},
    title = {Angular vs React vs Vue: Which Framework Is Better? 2022},
    year = {2022},
}

@misc{schiel-2022,
	annotate = {9:40-10:00},
	author = {Schiel, {J. S. [ Unleashed Design]}},
	month = {01},
 	title = {{UI/UX \& Front-End Trends 2022}},
	url = {https://youtu.be/koJ_CDKjUaY?t=583},
	year = {2022},
}

@misc{Progress77:online,
    author = {Muriel Santoni},
    howpublished = {\url{https://www.goodbarber.com/blog/progressive-web-apps-browser-support-compatibility-a883/}},
    month = {August},
    title = {Progressive Web Apps browser support \& compatibility},
    year = {2021},
    note = {(Accessed on 01/18/2022)}
}